<?xml version="1.0" encoding="UTF-8"?>
<OAI-PMH xmlns="http://www.openarchives.org/OAI/2.0/" xmlns:xsi="http://www.w3.org/2001/XMLSchema-instance" xsi:schemaLocation="http://www.openarchives.org/OAI/2.0/ http://www.openarchives.org/OAI/2.0/OAI-PMH.xsd">
  <ListRecords>
    <record>
      <header>
        <identifier>aleph-publish:019466876</identifier>
      </header>
      <metadata>
        <record xmlns="http://www.ddb.de/professionell/mabxml/mabxml-1.xsd">
          <leader>------M2.01200024------h</leader>
          <controlfield tag="LDR">------M2.01200024------h</controlfield>
          <controlfield tag="FMT">MH</controlfield>
          <datafield tag="001" ind1="-" ind2="1">
            <subfield code="a">HT017551955</subfield>
          </datafield>
          <datafield tag="002" ind1="a" ind2="1">
            <subfield code="a">20130220</subfield>
          </datafield>
          <datafield tag="003" ind1="-" ind2="1">
            <subfield code="a">20130612</subfield>
          </datafield>
          <datafield tag="022" ind1="-" ind2="1">
            <subfield code="a">CT003043468</subfield>
          </datafield>
          <datafield tag="025" ind1="o" ind2="1">
            <subfield code="a">1106998930</subfield>
          </datafield>
          <datafield tag="026" ind1="-" ind2="1">
            <subfield code="a">HBZHT017551955</subfield>
          </datafield>
          <controlfield tag="030">a|1uc||||||37</controlfield>
          <datafield tag="036" ind1="a" ind2="1">
            <subfield code="a">DXDE</subfield>
          </datafield>
          <datafield tag="037" ind1="b" ind2="1">
            <subfield code="a">ger</subfield>
          </datafield>
          <controlfield tag="050">|||||da|||||||</controlfield>
          <controlfield tag="051">s|||||||</controlfield>
          <datafield tag="070" ind1="-" ind2="1">
            <subfield code="a">61</subfield>
          </datafield>
          <datafield tag="070" ind1="b" ind2="1">
            <subfield code="a">61</subfield>
          </datafield>
          <datafield tag="080" ind1="-" ind2="1">
            <subfield code="a">60</subfield>
          </datafield>
          <datafield tag="100" ind1="b" ind2="1">
            <subfield code="p">Quedenfeldt, Erwin</subfield>
            <subfield code="d">1869-1948</subfield>
            <subfield code="9">(DE-588)118892711</subfield>
          </datafield>
          <datafield tag="101" ind1="-" ind2="1">
            <subfield code="p">Quedenfeld, Erwin</subfield>
            <subfield code="d">1869-1948</subfield>
          </datafield>
          <datafield tag="101" ind1="-" ind2="1">
            <subfield code="p">Quedenfeldt, E.</subfield>
            <subfield code="d">1869-1948</subfield>
          </datafield>
          <datafield tag="101" ind1="-" ind2="1">
            <subfield code="p">Quedenfeldt, Erwin Theodor</subfield>
            <subfield code="d">1869-1948</subfield>
          </datafield>
          <datafield tag="331" ind1="-" ind2="1">
            <subfield code="a">Cöln, Gasthaus "Zum St. Peter", Unter Hutmacher 31</subfield>
          </datafield>
          <datafield tag="334" ind1="-" ind2="1">
            <subfield code="a">Bildliche Darstellung</subfield>
          </datafield>
          <datafield tag="359" ind1="-" ind2="1">
            <subfield code="a">von Erwin Quedenfeldt</subfield>
          </datafield>
          <datafield tag="410" ind1="-" ind2="1">
            <subfield code="a">Düsseldorf</subfield>
          </datafield>
          <datafield tag="412" ind1="-" ind2="1">
            <subfield code="a">Quedenfeldt</subfield>
          </datafield>
          <datafield tag="425" ind1="a" ind2="1">
            <subfield code="a">1911</subfield>
          </datafield>
          <datafield tag="433" ind1="-" ind2="1">
            <subfield code="a">1 Foto ; 24 x 18 cm</subfield>
          </datafield>
          <datafield tag="451" ind1="-" ind2="1">
            <subfield code="a">Einzelbilder vom Niederrhein ; 501 : Serie 3</subfield>
          </datafield>
          <datafield tag="453" ind1="-" ind2="1">
            <subfield code="a">HT000765110</subfield>
          </datafield>
          <datafield tag="455" ind1="-" ind2="1">
            <subfield code="a">501 : Serie 3</subfield>
          </datafield>
          <datafield tag="456" ind1="-" ind2="1">
            <subfield code="a">501</subfield>
          </datafield>
          <datafield tag="501" ind1="-" ind2="1">
            <subfield code="a">heute Heumarkt 77, "Gilden im Zims"</subfield>
          </datafield>
          <datafield tag="675" ind1="-" ind2="1">
            <subfield code="a">Köln</subfield>
          </datafield>
          <datafield tag="675" ind1="-" ind2="1">
            <subfield code="a">Sankt</subfield>
          </datafield>
          <controlfield tag="SYS">019466876</controlfield>
          <datafield tag="088" ind1=" " ind2=" ">
            <subfield code="a">61</subfield>
            <subfield code="b">16</subfield>
            <subfield code="c">K347:501</subfield>
            <subfield code="e">Praesenzbestand</subfield>
          </datafield>
        </record>
      </metadata>
    </record>
  </ListRecords>
</OAI-PMH>
